
@online{CDC,
  author = {CDC},
  title = {About Mental Health},
  year = 2021,
  url = {https://www.cdc.gov/mentalhealth/learn/index.htm},
  urldate = {June 28, 2021}
}

@online{Share,
  author = {Gough C.},
  title = {Share of Video Gamers Worldwide in 2020, by Region},
  year = 2020,
  url = {https://www.statista.com/statistics/297874/number-mobile-gamers-region/},
  urldate = {2021-06-01]}
}
@online{Steam,
  author = {Austen Goslin},
  title = {Steam sets new records amid worldwide lockdown},
  year = 2020,
  url = {https://www.polygon.com/2020/3/23/21191397/steam-highest-active-player-record-coronavirus-covid-19},
  urldate = {Mar 23 2020}
}

@article{addiction,
  author="Griffiths M.D. and Meredith A.",
  title="Videogame Addiction and its Treatment",
  journal="J Contemp Psychother 39",
  year="2009",
  month="December",
  pages="247–253",
  doi="10.1007/s10879-009-9118-4",
  url="https://link.springer.com/content/pdf/10.1007/s10879-009-9118-4.pdf"
}

@article{Benefits,
  author="Isabela Granic and Adam Lobel and Rutger C. M. E. Engels",
  title="The Benefits of Playing Video Games",
  journal="American Psychologist",
  year="2014",
  month="January",
  pages="66 - 78",
  doi="10.1037/34857",
  url="https://www.apa.org/pubs/journals/releases/amp-a0034857.pdf"
}
% článok v časopise
@Article{Kowal:Mitigation,
author="Kowal, Magdalena
and Conroy, Eoin
and Ramsbottom, Niall
and Smithies, Tim
and Toth, Adam
and Campbell, Mark",
title="Gaming Your Mental Health: A Narrative Review on Mitigating Symptoms of Depression and Anxiety Using Commercial Video Games",
journal="JMIR Serious Games",
year="2021",
month="Jun",
day="16",
volume="9",
number="2",
pages="e26575",
keywords="commercial video games; mobile phone; clinical; mental health disorders; psychotherapy; pandemic; accessibility; health care",
issn="2291-9279",
doi="10.2196/26575",
url="https://games.jmir.org/2021/2/e26575",
url="https://doi.org/10.2196/26575",
url="http://www.ncbi.nlm.nih.gov/pubmed/34132648"
}
